
@article{kin2015cell,
	Author = {Kin, Koryu and Nnamani, Mauris C and Lynch, Vincent J and Michaelides, Elias and Wagner, Gunter P},
	Journal = {Cell reports},
	Number = {8},
	Pages = {1398--1409},
	Publisher = {Cell Press},
	Title = {Cell-type Phylogenetics and the Origin of Endometrial Stromal Cells},
	Volume = {10},
	Year = {2015}}
